@article{lattimer2004physics,
  title={The physics of neutron stars},
  author={Lattimer, James M and Prakash, Maddappa},
  journal={science},
  volume={304},
  number={5670},
  pages={536--542},
  year={2004},
  publisher={American Association for the Advancement of Science}
},
@article{baym1975neutron,
  title={Neutron stars},
  author={Baym, Gordon and Pethick, Christopher},
  journal={Annual Review of Nuclear Science},
  volume={25},
  number={1},
  pages={27--77},
  year={1975},
  publisher={Annual Reviews 4139 El Camino Way, PO Box 10139, Palo Alto, CA 94303-0139, USA}
},
@article{khoa1995equation,
  title={Equation of State for Cold Nuclear Matter from Refractive O 16+ O 16 Elastic Scattering},
  author={Khoa, Dao T and Von Oertzen, W and Bohlen, HG and Bartnitzky, G and Clement, H and Sugiyama, Y and Gebauer, B and Ostrowski, AN and Wilpert, Th and Wilpert, M and others},
  journal={Physical review letters},
  volume={74},
  number={1},
  pages={34},
  year={1995},
  publisher={APS}
},
@article{khoa2007mean,
  title={Mean-field description of the nucleus-nucleus optical potential},
  author={Khoa, Dao T and Cuong, Do Cong},
  journal={arXiv preprint arXiv:0708.3711},
  year={2007}
},
@article{loan2011equation,
  title={Equation of state of neutron star matter, and the nuclear symmetry energy},
  author={Loan, Doan Thi and Tan, Ngo Hai and Khoa, Dao T and Margueron, Jerome},
  journal={Physical Review C},
  volume={83},
  number={6},
  pages={065809},
  year={2011},
  publisher={APS}
},
@article{tan2020spin,
  title={Spin-polarized $\beta$-stable neutron star matter: The nuclear symmetry energy and GW170817 constraint},
  author={Tan, Ngo Hai and Khoa, Dao T and Loan, Doan Thi},
  journal={Physical Review C},
  volume={102},
  number={4},
  pages={045809},
  year={2020},
  publisher={APS}
},
@article{abbott2017gw170817,
  title={GW170817: observation of gravitational waves from a binary neutron star inspiral},
  author={Abbott, Benjamin P and Abbott, Rich and Abbott, TD and Acernese, Fausto and Ackley, Kendall and Adams, Carl and Adams, Thomas and Addesso, Paolo and Adhikari, RX and Adya, VB and others},
  journal={Physical Review Letters},
  volume={119},
  number={16},
  pages={161101},
  year={2017},
  publisher={APS}
},
@article{abbott2020gw190425,
  title={GW190425: observation of a compact binary coalescence with total mass $\sim 3.4 M_\odot$},
  author={Abbott, BP and Abbott, R and Abbott, TD and Abraham, S and Acernese, F and Ackley, K and Adams, C and Adhikari, RX and Adya, VB and Affeldt, C and others},
  journal={The Astrophysical Journal Letters},
  volume={892},
  number={1},
  pages={L3},
  year={2020},
  publisher={IOP Publishing}
},
@article{abbott2018gw170817,
  title={GW170817: Measurements of neutron star radii and equation of state},
  author={Abbott, Benjamin P and Abbott, Richard and Abbott, TD and Acernese, F and Ackley, K and Adams, C and Adams, T and Addesso, P and Adhikari, Rana X and Adya, Vaishali B and others},
  journal={Physical review letters},
  volume={121},
  number={16},
  pages={161101},
  year={2018},
  publisher={APS}
},
@article{hinderer2008tidal,
  title={Tidal Love numbers of neutron stars},
  author={Hinderer, Tanja},
  journal={The Astrophysical Journal},
  volume={677},
  number={2},
  pages={1216},
  year={2008},
  publisher={IOP Publishing}
},
@article{hinderer2010tidal,
  title={Tidal deformability of neutron stars with realistic equations of state and their gravitational wave signatures in binary inspiral},
  author={Hinderer, Tanja and Lackey, Benjamin D and Lang, Ryan N and Read, Jocelyn S},
  journal={Physical Review D},
  volume={81},
  number={12},
  pages={123016},
  year={2010},
  publisher={APS}
},
@article{damour2009relativistic,
  title={Relativistic tidal properties of neutron stars},
  author={Damour, Thibault and Nagar, Alessandro},
  journal={Physical Review D},
  volume={80},
  number={8},
  pages={084035},
  year={2009},
  publisher={APS}
},
@article{tan2021equation,
  title={Equation of state of asymmetric nuclear matter and the tidal deformability of neutron star},
  author={Tan, Ngo Hai and Khoa, Dao T and Loan, Doan Thi},
  journal={arXiv preprint arXiv:2104.09121},
  year={2021}
},
@article{perot2021role,
  title={Role of dense matter in tidal deformations of inspiralling neutron stars and in gravitational waveforms with unified equations of state},
  author={Perot, Lo{\"\i}c and Chamel, Nicolas},
  journal={Physical Review C},
  volume={103},
  number={2},
  pages={025801},
  year={2021},
  publisher={APS}
},
@book{greiner1996nuclear,
  title={Nuclear models},
  author={Greiner, Walter and Maruhn, Joachim A},
  year={1996},
  publisher={Springer}
},
@article{nakada2002method,
  title={A method of implementing Hartree--Fock calculations with zero-and finite-range interactions},
  author={Nakada, H and Sato, M},
  journal={Nuclear Physics A},
  volume={699},
  number={3-4},
  pages={511--537},
  year={2002},
  publisher={Elsevier}
},
@article{nakada2003hartree,
  title={Hartree-Fock approach to nuclear matter and finite nuclei with M3Y-type nucleon-nucleon interactions},
  author={Nakada, H},
  journal={Physical Review C},
  volume={68},
  number={1},
  pages={014316},
  year={2003},
  publisher={APS}
},
@article{nakada2010erratum,
  title={Erratum: Mean-field approach to nuclear structure with semi-realistic nucleon-nucleon interactions [Phys. Rev. C 78, 054301 (2008)]},
  author={Nakada, H},
  journal={Physical Review C},
  volume={82},
  number={2},
  pages={029902},
  year={2010},
  publisher={APS}
},
@article{khoa1997nuclear,
  title={Nuclear incompressibility and density dependent NN interactions in the folding model for nucleus-nucleus potentials},
  author={Khoa, Dao T and Satchler, GR and Von Oertzen, W},
  journal={Physical Review C},
  volume={56},
  number={2},
  pages={954},
  year={1997},
  publisher={APS}
},
@article{anantaraman1983effective,
  title={An effective interaction for inelastic scattering derived from the Paris potential},
  author={Anantaraman, N and Toki, H and Bertsch, GF},
  journal={Nuclear Physics A},
  volume={398},
  number={2},
  pages={269--278},
  year={1983},
  publisher={Elsevier}
},
@phdthesis{than2010ufr,
  title={UFR SCIENTIFIQUE D’ORSAY INSTITUT DE PHYSIQUE NUCLEAIRE D’ORSAY},
  author={Th{\^a}n, HOANG Sy},
  year={2010},
  school={Citeseer}
},
@article{le2021spinning,
  title={Spinning black holes fall in love},
  author={Le Tiec, Alexandre and Casals, Marc},
  journal={Physical Review Letters},
  volume={126},
  number={13},
  pages={131102},
  year={2021},
  publisher={APS}
},
@book{glendenning2012compact,
  title={Compact stars: Nuclear physics, particle physics and general relativity},
  author={Glendenning, Norman K},
  year={2012},
  publisher={Springer Science \& Business Media}
}
